@Article{Mis,
author = {A. Mishra, K. Alahari, C.V. Jawahar},
title = {Top-Down and Bottom-up Cues for Scene Text Recognition},
journal = {Computer Vision and Pattern Recognition (CVPR), 2012 IEEE Conference on},
year = {2012},
pages = {2687 - 2694},
month = {June},
}

@Article{Kol,
author = {V. Kolmogorov},
title = {Convergent Tree-reweighted Message Passing for Energy Minimization},
journal = {IEEE Transactions on Pattern Analysis and Machine Intelligence (PAMI)},
year = {2006},
}

@misc{ICDAR,
  title = {ICDAR 2003, Robust Word Recognition dataset},
  howpublished = {\url{http://algoval.essex.ac.uk/icdar/Datasets.html}},
  note = {Accessed: 2013-11-30}
}

@book{Pearl,
	author = {J. Pearl},
	title = {Probabilistic Reasoning in Intelligent Systems: Networks of Plausible Inference},
	year = {1988},
	publisher= {Morgan Kaufmann Publishers}
}

@article{Wain,
	author = {M. J. Wainwright, T. S. Jaakkola and A. S. Willsky},
	title = {MAP estimation via agreement on (hyper)trees: Message-passing and linear-programming approaches},
	year = {2005},
	journal = {IEEE Transactions on Information Theory},
	pages = {3697 - 3717},
	month = {November},
	volume = {51}
}
