@Article{Mis,
author = {A. Mishra, K. Alahari, C.V. Jawahar},
title = {Top-Down and Bottom-up Cues for Scene Text Recognition},
journal = {Computer Vision and Pattern Recognition (CVPR), 2012 IEEE Conference on},
year = {2012},
pages = {2687 - 2694},
month = {June},
}

@Article{Kol,
author = {V. Kolmogorov},
title = {Convergent Tree-reweighted Message Passing for Energy Minimization},
journal = {IEEE Transactions on Pattern Analysis and Machine Intelligence (PAMI)},
year = {2006},
}